% ========== CHAPTER 1 ==========
@article{commentingPrinciples,
	title        = {Coding and Comment Style},
	author       = {Diana Chien and Paul Clemons},
	year         = 2019,
	journal      = {MIT Communication Lab},
	publisher    = {MIT},
	volume       = 1,
	number       = 10,
	pages        = {3--9}
}
@inproceedings{codeReadability,
	author	     = {Oliveira, Delano and Bruno, Reydne and Madeiral, Fernanda and Castor, Fernando},
	booktitle    = {2020 IEEE International Conference on Software Maintenance and Evolution (ICSME)}, 
	title        = {Evaluating Code Readability and Legibility: An Examination of Human-centric Studies}, 
	year         = 2020,
	volume       = {},
	number       = {},
	pages        = {348-359},
	doi          = {10.1109/ICSME46990.2020.00041}
}
@article{commentAnalysis, 
	title        = {Code Comment Analysisâ€“A Review Paper}, 
	volume       = 6, 
	url          = {https://global-jws.com/ojs/index.php/global-jws/article/view/126}, 
	DOI          = {10.33152/jmphss-6.1.9}, 
	number       = 1, 
	journal      = {Journal of Management Practices, Humanities and Social Sciences}, 
	author       = {Syed Zohaib Hassan and Ayesha Irshad and Jamaluddin Mir and Ayesha Aslam and Kalsoom Ayaz and Muhammad Awais Bawazir}, 
	year         = 2022, 
	month        = {Jan.}, 
	pages        = {88-105}
}
@article{codeMaintainability,
	author       = {Seref, Berna and Tanriover, Ozgur},
	year         = 2016,
	month        = 05,
	pages        = {69-87},
	title        = {Software Code Maintainability : A Literature Review},
	volume       = {7},
	journal      = {International Journal of Software Engineering and Applications},
	doi          = {10.5121/ijsea.2016.7305}
}
@misc{vandam2023,
	title={Enriching Source Code with Contextual Data for Code Completion Models: An Empirical Study}, 
	author={Tim van Dam and Maliheh Izadi and Arie van Deursen},
	year={2023},
	eprint={2304.12269},
	archivePrefix={arXiv},
	primaryClass={cs.CL},
	url={https://arxiv.org/abs/2304.12269}, 
}
@misc{buildingRock,
	title={Are We Building on the Rock? On the Importance of Data Preprocessing for Code Summarization}, 
	author={Lin Shi and Fangwen Mu and Xiao Chen and Song Wang and Junjie Wang and Ye Yang and Ge Li and Xin Xia and Qing Wang},
	year={2022},
	eprint={2207.05579},
	archivePrefix={arXiv},
	primaryClass={cs.SE},
	url={https://arxiv.org/abs/2207.05579}, 
}